% Encoding: UTF-8

@article{Oster2018,
  author = {Oster, T. and RÃ¶ssl, C. and Theisel, H.},
  title = {Core Lines in \ac{3D} Second-Order Tensor Fields},
  journal = {Computer Graphics Forum},
  year = {2018},
  volume = {37},
  number = {3},
  pages = {327--337},
  doi = {10.1111/cgf.13423},
}

@article{Oster2018a,
  author = {Oster, T. and Abdelsamie, A. and Motejat, M. and Gerrits, T. and R\"ossl, C. and Th\'evenin, D. and Theisel, H.},
  title = {On-The-Fly Tracking of Flame Surfaces for the Visual Analysis of Combustion Processes},
  journal = {Computer Graphics Forum},
  year = {2018},
  volume = {37},
  number = {6},
  pages = {358--369},
  doi = {10.1111/cgf.13331},
}

@inproceedings{Oster2018b,
  booktitle = {Vision, Modeling and Visualization},
  title = {The Parallel Eigenvectors Operator},
  author = {Oster, T. and R\"ossl, C. and Theisel, H.},
  year = {2018},
  publisher = {Eurographics Association},
  DOI = {10.2312/vmv.20181251}
}

@InProceedings{Chi2017,
author = {Chi, C. and Abdelsamie, A. and Oster, T. and Th{\'e}venin, D.},
title = {Probability of Hotspot Ignition and Ignition Spot Tracking in Turbulent Hydrogen-Air Mixtures Using Direct Numerical Simulations},
booktitle = {8th European Combustion Meeting},
pages = {925--930},
year = {2017},
}

@article{Abdelsamie2016,
  author = {A. Abdelsamie and G. Fru and T. Oster and F. Dietzsch and G. Janiga and D. Th\'evenin},
  title = {Towards Direct Numerical Simulations of Low-Mach Number Turbulent Reacting and Two-Phase Flows Using Immersed Boundaries},
  journal = {Computers \& Fluids},
  volume = {131},
  pages = {123--141},
  year = {2016},
  doi = {10.1016/j.compfluid.2016.03.017},
}

@article{Oster2014,
  author = {Oster, T. and Lehmann, D. J. and Fru, G. and Theisel, H. and Th\'evenin, D.},
  title = {Sparse Representation and Visualization for Direct Numerical Simulation of Premixed Combustion},
  journal = {Computer Graphics Forum},
  year = {2014},
  volume = {33},
  number = {3},
  pages = {321--330},
  doi = {10.1111/cgf.12388},
}

@article{Triep2005,
  author    = {Triep, M. and Br\"ucker, C. and Schr\"oder, W.},
  title     = {High-Speed {PIV} Measurements of the Flow Downstream of a Dynamic Mechanical Model of the Human Vocal Folds},
  journal   = {Experiments in Fluids},
  year      = {2005},
  volume    = {39},
  number    = {2},
  pages     = {232--245},
  publisher = {Springer},
}

@article{Ouellette2006,
  author    = {Ouellette, N. T. and Xu, H. and Bodenschatz, E.},
  title     = {A Quantitative Study of Three-Dimensional {Lagrangian} Particle Tracking Algorithms},
  journal   = {Experiments in Fluids},
  year      = {2006},
  volume    = {40},
  number    = {2},
  pages     = {301--313},
  publisher = {Springer},
}

@article{Klein2003,
  author    = {Klein, M. and Sadiki, A. and Janicka, J.},
  title     = {A Digital Filter Based Generation of Inflow Data for Spatially Developing Direct Numerical or Large Eddy Simulations},
  journal   = {Journal of Computational Physics},
  year      = {2003},
  volume    = {186},
  number    = {2},
  pages     = {652--665},
  publisher = {Elsevier},
}

@article{Hoarau2003,
  author    = {Hoarau, Y. and Faghani, D. and Braza, M. and Perrin, R. and Anne-Archard, D. and Ruiz, D.},
  title     = {Direct Numerical Simulation of the Three-Dimensional Transition to Turbulence in the Incompressible Flow Around a Wing},
  journal   = {Flow, Turbulence and Combustion},
  year      = {2003},
  volume    = {71},
  number    = {1-4},
  pages     = {119--132},
  publisher = {Springer},
}

@article{LeDuc2006,
  author    = {Le Duc, A. and Sesterhenn, J. and Friedrich, R.},
  title     = {Instabilities in Compressible Attachment-Line Boundary Layers},
  journal   = {Physics of Fluids},
  year      = {2006},
  volume    = {18},
  number    = {4},
  pages     = {044102},
  publisher = {AIP},
}

@article{Wang2006,
  author    = {Wang, L. and Peters, N.},
  title     = {The Length-Scale Distribution Function of the Distance Between Extremal Points in Passive Scalar Turbulence},
  journal   = {Journal of Fluid Mechanics},
  year      = {2006},
  volume    = {554},
  pages     = {457--475},
  publisher = {Cambridge University Press},
}

@article{Schumacher2010,
  author    = {Schumacher, J. and Eckhardt, B. and Doering, C. R.},
  title     = {Extreme Vorticity Growth in {Navier}-{Stokes} Turbulence},
  journal   = {Physics Letters A},
  year      = {2010},
  volume    = {374},
  number    = {6},
  pages     = {861--865},
  publisher = {Elsevier},
}

@incollection{Bockhorn2009,
  author    = {Bockhorn, H. and Habisreuther, P. and Hettel, M.},
  title     = {Numerical Modelling of Technical Combustion},
  booktitle = {100 Volumes of ``Notes on Numerical Fluid Mechanics''},
  publisher = {Springer},
  year      = {2009},
  pages     = {325--340},
}

@book{Peters2000,
  title     = {Turbulent Combustion},
  publisher = {Cambridge University Press},
  year      = {2000},
  author    = {Peters, N.},
}

@article{Shalaby2010,
  author    = {Shalaby, H. and Th\'evenin, D.},
  title     = {Statistically Significant Results for the Propagation of a Turbulent Flame Kernel Using Direct Numerical Simulation},
  journal   = {Flow, Turbulence and Combustion},
  year      = {2010},
  volume    = {84},
  number    = {3},
  pages     = {357--367},
  publisher = {Springer},
}

@book{Froehlich2006,
  title     = {Large Eddy Simulation Turbulenter Str\"omungen},
  publisher = {Springer},
  year      = {2006},
  author    = {Fr\"ohlich, J.},
  volume    = {1},
}

@book{Garnier2009,
  title     = {Large Eddy Simulation for Compressible Flows},
  publisher = {Springer},
  year      = {2009},
  author    = {Garnier, E. and Adams, N. and Sagaut, P.},
}

@article{Hasse2009,
  author    = {Hasse, C. and Sohm, V. and Durst, B.},
  title     = {Detached Eddy Simulation of Cyclic Large Scale Fluctuations in a Simplified Engine Setup},
  journal   = {International Journal of Heat and Fluid Flow},
  year      = {2009},
  volume    = {30},
  number    = {1},
  pages     = {32--43},
  publisher = {Elsevier},
}

@inproceedings{Gicquel2008,
  author    = {Gicquel, L. Y.M. and Staffelbach, G. and Cuenot, B. and Poinsot, T.},
  title     = {Large Eddy Simulations of Turbulent Reacting Flows in Real Burners: {The} Status and Challenges},
  booktitle = {Journal of Physics: Conference Series},
  year      = {2008},
  volume    = {125},
  number    = {1},
  pages     = {012029},
  publisher = {IOP Publishing},
}

@article{Sankaran2007,
  author    = {Sankaran, R. and Hawkes, E. R. and Chen, J. H. and Lu, T. and Law, C. K.},
  title     = {Structure of a Spatially Developing Turbulent Lean Methane-Air Bunsen Flame},
  journal   = {Proceedings of the Combustion Institute},
  year      = {2007},
  volume    = {31},
  number    = {1},
  pages     = {1291--1298},
  publisher = {Elsevier},
}

@article{Hawkes2007,
  author    = {Hawkes, E. R. and Sankaran, R. and Sutherland, J. C. and Chen, J. H.},
  title     = {Scalar Mixing in Direct Numerical Simulations of Temporally Evolving Plane Jet Flames With Skeletal \Ce{CO}/\ce{H2} Kinetics},
  journal   = {Proceedings of the Combustion Institute},
  year      = {2007},
  volume    = {31},
  number    = {1},
  pages     = {1633--1640},
  publisher = {Elsevier},
}

@article{Akiba2007,
  author    = {Akiba, H. and Ma, K.-L. and Chen, J. H. and Hawkes, E. R.},
  title     = {Visualizing Multivariate Volume Data From Turbulent Combustion Simulations},
  journal   = {Computing in Science \& Engineering},
  year      = {2007},
  volume    = {9},
  number    = {2},
  pages     = {76--83},
  publisher = {IEEE},
}

@article{Chen2009,
  author    = {Chen, J. H. and Choudhary, A. and de Supinski, B. and deVries, M. and Hawkes, E. R. and Klasky, S. and Liao, W.-K. and Ma, K.-L. and Mellor-Crummey, J. and Podhorszki, N. and others},
  title     = {Terascale Direct Numerical Simulations of Turbulent Combustion Using {S3D}},
  journal   = {Computational Science \& Discovery},
  year      = {2009},
  volume    = {2},
  number    = {1},
  pages     = {015001},
  publisher = {IOP Publishing},
}

@article{Post2002,
  author    = {Post, F. H. and Vrolijk, B. and Hauser, H. and Laramee, R. S. and Doleisch, H.},
  title     = {Feature Extraction and Visualization of Flow Fields},
  journal   = {Eurographics 2002 State-of-the-Art Reports},
  year      = {2002},
  volume    = {1},
  pages     = {69--100},
}

@book{Abraham1983,
  title     = {Dynamics--{T}he Geometry of Behavior},
  publisher = {Aerial Press},
  year      = {1983},
  author    = {Abraham, R. H. and Shaw, C. D.},
}

@misc{Bakker1991,
  author    = {Bakker, P. G.},
  title     = {Bifurcations in Flow Patterns ({T}heory and Applications of Transport in Porous Media)},
  year      = {1991},
  publisher = {Kluwer Academic Publishers},
}

@book{Guckenheimer2013,
  title     = {Nonlinear Oscillations, Dynamical Systems, and Bifurcations of Vector Fields},
  publisher = {Springer},
  year      = {2013},
  author    = {Guckenheimer, J. and Holmes, P.},
}

@techreport{Asimov1993,
  author      = {Asimov, D.},
  title       = {Notes on the Topology of Vector Fields and Flows},
  institution = {NASA Ames Research Center, RNR-93-003},
  year        = {1993},
}

@article{Firby1982,
  author    = {Firby, P. and Gardiner, C.},
  title     = {Vector Fields on Surfaces},
  journal   = {Surface Topology},
  year      = {1982},
  pages     = {115--135},
  publisher = {Ellis Horwood Ltd.},
}

@article{Helman1989,
  author    = {Helman, J. and Hesselink, L.},
  title     = {Representation and Display of Vector Field Topology in Fluid Flow Data Sets},
  journal   = {Computer},
  year      = {1989},
  number    = {8},
  pages     = {27--36},
  publisher = {IEEE},
}

@article{Helman1991,
  author    = {Helman, J. L and Hesselink, L.},
  title     = {Visualizing Vector Field Topology in Fluid Flows},
  journal   = {Computer Graphics and Applications},
  year      = {1991},
  number    = {3},
  pages     = {36--46},
  publisher = {IEEE},
}

@inproceedings{Globus1991,
  author    = {Globus, A. and Levit, C. and Lasinski, T.},
  title     = {A Tool for Visualizing the Topology of Three-Dimensional Vector Fields},
  booktitle = {Proceedings of the \nth{2} Conference on Visualization '91},
  year      = {1991},
  pages     = {33--40},
  publisher = {IEEE},
}

@inproceedings{Mann2002,
  author    = {Mann, S. and Rockwood, A.},
  title     = {Computing Singularities of \ac{3D} Vector Fields With Geometric Algebra},
  booktitle = {Proceedings of the Conference on Visualization '02},
  year      = {2002},
  pages     = {283--290},
  publisher = {IEEE},
}

@incollection{Max2009,
  author    = {Max, N. and Weinkauf, T.},
  title     = {Critical Points of the Electric Field From a Collection of Point Charges},
  booktitle = {Topology-Based Methods in Visualization II},
  publisher = {Springer},
  year      = {2009},
  pages     = {101--114},
}

@inproceedings{Trotts2000,
  author    = {Trotts, I. and Kenwright, D. and Haimes, R.},
  title     = {Critical Points at Infinity: {A} Missing Link in Vector Field Topology},
  booktitle = {Proc. NSF/DoE Lake Tahoe Workshop on Hierarchical Approximation and Geometrical Methods for Scientific Visualization},
  year      = {2000},
  volume    = {1},
}

@inproceedings{Leeuw1999,
  author    = {de Leeuw, W. and van Liere, R.},
  title     = {Collapsing Flow Topology Using Area Metrics},
  booktitle = {Proceedings of the Conference on Visualization '99: Celebrating Ten Years},
  year      = {1999},
  pages     = {349--354},
  publisher = {IEEE},
}

@article{Scheuermann2000,
  author    = {Scheuermann, G. and Hamann, B. and Joy, K. I. and Kollmann, W.},
  title     = {Visualizing Local Vector Field Topology},
  journal   = {Journal of Electronic Imaging},
  year      = {2000},
  volume    = {9},
  number    = {4},
  pages     = {356--368},
  publisher = {International Society for Optics and Photonics},
}

@article{Wischgoll2001,
  author    = {Wischgoll, T. and Scheuermann, G.},
  title     = {Detection and Visualization of Closed Streamlines in Planar Flows},
  journal   = {IEEE Transactions on Visualization and Computer Graphics},
  year      = {2001},
  volume    = {7},
  number    = {2},
  pages     = {165--172},
  publisher = {IEEE},
}

@incollection{Peikert2007,
  author    = {Peikert, R. and Sadlo, F.},
  title     = {Topology-Guided Visualization of Constrained Vector Fields},
  booktitle = {Topology-Based Methods in Visualization},
  publisher = {Springer},
  year      = {2007},
  pages     = {21--33},
}

@article{Li2006,
  author    = {Li, W.-C. and Vallet, B. and Ray, N. and Levy, B.},
  title     = {Representing Higher-Order Singularities in Vector Fields on Piecewise Linear Surfaces},
  journal   = {IEEE Transactions on Visualization and Computer Graphics},
  year      = {2006},
  volume    = {12},
  number    = {5},
  publisher = {IEEE},
}

@inproceedings{Scheuermann1997,
  author    = {Scheuermann, G. and Hagen, H. and Kr\"uger, H. and Menzel, M. and Rockwood, A.},
  title     = {Visualization of Higher Order Singularities in Vector Fields},
  booktitle = {Proceedings of the Conference on Visualization '97},
  year      = {1997},
  pages     = {67--74},
  publisher = {IEEE},
}

@article{Scheuermann1998,
  author    = {Scheuermann, G. and Kr\"uger, H. and Menzel, M. and Rockwood, A. P},
  title     = {Visualizing Nonlinear Vector Field Topology},
  journal   = {IEEE Transactions on Visualization and Computer Graphics},
  year      = {1998},
  number    = {2},
  pages     = {109--116},
  publisher = {IEEE},
}

@incollection{Tricoche2001,
  author    = {Tricoche, X. and Scheuermann, G. and Hagen, H.},
  title     = {Topology-Based Visualization of Time-Dependent \ac{2D} Vector Fields},
  booktitle = {Data Visualization 2001},
  publisher = {Springer},
  year      = {2001},
  pages     = {117--126},
}

@article{Tricoche2002,
  author    = {Tricoche, X. and Wischgoll, T. and Scheuermann, G. and Hagen, H.},
  title     = {Topology Tracking for the Visualization of Time-Dependent Two-Dimensional Flows},
  journal   = {Computers \& Graphics},
  year      = {2002},
  volume    = {26},
  number    = {2},
  pages     = {249--257},
  publisher = {Elsevier},
}

@inproceedings{Wischgoll2001a,
  author    = {Wischgoll, T. and Scheuermann, G. and Hagen, H.},
  title     = {Tracking Closed Streamlines in Time Dependent Planar Flows},
  booktitle = {VMV},
  year      = {2001},
  pages     = {447--454},
}

@incollection{Reininghaus2011,
  author    = {Reininghaus, J. and Hotz, I.},
  title     = {Combinatorial \ac{2D} Vector Field Topology Extraction and Simplification},
  booktitle = {Topological Methods in Data Analysis and Visualization},
  publisher = {Springer},
  year      = {2011},
  pages     = {103--114},
}

@article{Chen2012,
  author    = {Chen, G. and Deng, Q. and Szymczak, A. and Laramee, R. S. and Zhang, E.},
  title     = {{M}orse Set Classification and Hierarchical Refinement Using {C}onley Index},
  journal   = {IEEE Transactions on Visualization and Computer Graphics},
  year      = {2012},
  volume    = {18},
  number    = {5},
  pages     = {767--782},
  publisher = {IEEE},
}

@article{Szymczak2012,
  author    = {Szymczak, A. and Zhang, E.},
  title     = {Robust {M}orse Decompositions of Piecewise Constant Vector Fields},
  journal   = {IEEE Transactions on Visualization and Computer Graphics},
  year      = {2012},
  volume    = {18},
  number    = {6},
  pages     = {938--951},
  publisher = {IEEE},
}

@article{Depardon2007,
  author    = {Depardon, S. and Lasserre, J. J. and Brizzi, L. E. and Bor\'ee, J.},
  title     = {Automated Topology Classification Method for Instantaneous Velocity Fields},
  journal   = {Experiments in Fluids},
  year      = {2007},
  volume    = {42},
  number    = {5},
  pages     = {697--710},
  publisher = {Springer},
}

@inproceedings{Lavin1998,
  author    = {Lavin, Y. and Batra, R. and Hesselink, L.},
  title     = {Feature Comparisons of Vector Fields Using {E}arth {M}over's {D}istance},
  booktitle = {Proceedings of the Conference on Visualization '98},
  year      = {1998},
  pages     = {103--109},
  publisher = {IEEE},
}

@inproceedings{Batra1999,
  author    = {Batra, R. and Hesselink, L.},
  title     = {Feature Comparisons of {3-D} Vector Fields Using {E}arth {M}over's {D}istance},
  booktitle = {Proceedings of the Conference on Visualization '99: Celebrating Ten Years},
  year      = {1999},
  pages     = {105--114},
  publisher = {IEEE},
}

@inproceedings{Leeuw1999a,
  author    = {de Leeuw, W. and van Liere, R.},
  title     = {Visualization of Global Flow Structures Using Multiple Levels of Topology},
  booktitle = {Data VisualizationÃ¢ÂÂ99},
  year      = {1999},
  pages     = {45--52},
  publisher = {Springer},
}

@inproceedings{Tricoche2000,
  author    = {Tricoche, X. and Scheuermann, G. and Hagen, H.},
  title     = {A Topology Simplification Method for \ac{2D} Vector Fields},
  booktitle = {Proceedings of the Conference on Visualization '00},
  year      = {2000},
  pages     = {359--366},
  publisher = {IEEE},
}

@inproceedings{Tricoche2001a,
  author    = {Tricoche, X. and Scheuermann, G. and Hagen, H.},
  title     = {Continuous Topology Simplification of Planar Vector Fields},
  booktitle = {Proceedings of the Conference on Visualization '01},
  year      = {2001},
  pages     = {159--166},
  publisher = {IEEE},
}

@article{Westermann2001,
  author    = {Westermann, R. and Johnson, C. and Ertl, T.},
  title     = {Topology-Preserving Smoothing of Vector Fields},
  journal   = {IEEE Transactions on Visualization and Computer Graphics},
  year      = {2001},
  volume    = {7},
  number    = {3},
  pages     = {222--229},
  publisher = {IEEE},
}

@article{Lodha2003,
  author    = {Lodha, S. K. and Faaland, N. M. and Renteria, J. C.},
  title     = {Topology Preserving Top-Down Compression of \ac{2D} Vector Fields Using Bintree and Triangular Quadtrees},
  journal   = {IEEE Transactions on Visualization and Computer Graphics},
  year      = {2003},
  volume    = {9},
  number    = {4},
  pages     = {433--442},
  publisher = {IEEE},
}

@inproceedings{Lodha2000,
  author    = {Lodha, S. K. and Renteria, J. C. and Roskin, K. M.},
  title     = {Topology Preserving Compression of \ac{2D} Vector Fields},
  booktitle = {Proceedings of the Conference on Visualization '00},
  year      = {2000},
  pages     = {343--350},
  publisher = {IEEE},
}

@article{Chen2007,
  author    = {Chen, G. and Mischaikow, K. and Laramee, R. S. and Pilarczyk, P. and Zhang, E.},
  title     = {Vector Field Editing and Periodic Orbit Extraction Using {M}orse Decomposition},
  journal   = {IEEE Transactions on Visualization and Computer Graphics},
  year      = {2007},
  number    = {4},
  pages     = {769--785},
  publisher = {IEEE},
}

@inproceedings{Sun2004,
  author    = {Sun, L. and Batra, R. K and Shi, X. and Hesselink, L.},
  title     = {Topology Visualization of the Optical Power Flow Through a Novel {C}-Shaped Nano-Aperture},
  booktitle = {Proceedings of the Conference on Visualization '04},
  year      = {2004},
  pages     = {337--344},
  publisher = {IEEE},
}

@inproceedings{Tricoche2004,
  author    = {Tricoche, X. and Garth, C. and Kindlmann, G. and Deines, E. and Scheuermann, G. and Ruetten, M. and Hansen, C.},
  title     = {Visualization of Intricate Flow Structures for Vortex Breakdown Analysis},
  booktitle = {Proceedings of the Conference on Visualization '04},
  year      = {2004},
  pages     = {187--194},
  publisher = {IEEE},
}

@inproceedings{Garth2004,
  author    = {Garth, C. and Tricoche, X. and Scheuermann, G.},
  title     = {Tracking of Vector Field Singularities in Unstructured \ac{3D} Time-Dependent Datasets},
  booktitle = {Proceedings of the Conference on Visualization '04},
  year      = {2004},
  pages     = {329--336},
  publisher = {IEEE},
}

@incollection{Garth2007,
  author    = {Garth, C. and Laramee, R. S. and Tricoche, X. and Schneider, J. and Hagen, H.},
  title     = {Extraction and Visualization of Swirl and Tumble Motion From Engine Simulation Data},
  booktitle = {Topology-Based Methods in Visualization},
  publisher = {Springer},
  year      = {2007},
  pages     = {121--135},
}

@inproceedings{Laramee2005,
  author    = {Laramee, R. S. and Garth, C. and Doleisch, H. and Schneider, J. and Hauser, H. and Hagen, H.},
  title     = {Visual Analysis and Exploration of Fluid Flow in a Cooling Jacket},
  booktitle = {Proceedings of the Conference on Visualization '05},
  year      = {2005},
  pages     = {623--630},
  publisher = {IEEE},
}

@incollection{Laramee2007,
  author    = {Laramee, R. S. and Hauser, H. and Zhao, L. and Post, F. H.},
  title     = {Topology-Based Flow Visualization, the State of the Art},
  booktitle = {Topology-Based Methods in Visualization},
  publisher = {Springer},
  year      = {2007},
  pages     = {1--19},
}

@article{Pobitzer2011,
  author    = {Pobitzer, A. and Peikert, R. and Fuchs, R. and Schindler, B. and Kuhn, A. and Theisel, H. and Matkovi\'c, K. and Hauser, H.},
  title     = {The State of the Art in Topology-Based Visualization of Unsteady Flow},
  journal   = {Computer Graphics Forum},
  year      = {2011},
  volume    = {30},
  number    = {6},
  pages     = {1789--1811},
  publisher = {Wiley Online Library},
}

@inproceedings{Peikert1999,
  author    = {Peikert, R. and Roth, M.},
  title     = {The ``Parallel Vectors'' Operator: {A} Vector Field Visualization Primitive},
  booktitle = {Proceedings of the Conference on Visualization '99: Celebrating Ten Years},
  year      = {1999},
  pages     = {263--270},
  publisher = {IEEE},
}

@article{Jeong1995,
  author    = {Jeong, J. and Hussain, F.},
  title     = {On the Identification of a Vortex},
  journal   = {Journal of fluid mechanics},
  year      = {1995},
  volume    = {285},
  pages     = {69--94},
  publisher = {Cambridge University Press},
}

@article{Hunt1987,
  author    = {Hunt, J. C. R.},
  title     = {Vorticity and Vortex Dynamics in Complex Turbulent Flows},
  journal   = {Transactions of the Canadian Society for Mechanical Engineering},
  year      = {1987},
  volume    = {11},
  number    = {1},
  pages     = {21--35},
  publisher = {NRC Research Press},
}

@inproceedings{Sujudi1995,
  author    = {Sujudi, D. and Haimes, R.},
  title     = {Identification of Swirling Flow in {3-D} Vector Fields},
  booktitle = {12th Computational Fluid Dynamics Conference},
  year      = {1995},
  pages     = {1715},
}

@inproceedings{Roth1998,
  author    = {Roth, M. and Peikert, R.},
  title     = {A Higher-Order Method for Finding Vortex Core Lines},
  booktitle = {Proceedings of the Conference on Visualization '98},
  year      = {1998},
  pages     = {143--150},
  publisher = {IEEE},
}

@article{Reinders2002,
  author    = {Reinders, F. and Sadarjoen, I. A. and Vrolijk, B. and Post, F. H.},
  title     = {Vortex Tracking and Visualisation in a Flow Past a Tapered Cylinder},
  journal   = {Computer Graphics Forum},
  year      = {2002},
  volume    = {21},
  number    = {4},
  pages     = {675--682},
  publisher = {Wiley Online Library},
}

@inproceedings{Jiang2002,
  author    = {Jiang, M. and Machiraju, R. and Thompson, D.},
  title     = {Geometric Verification of Swirling Features in Flow Fields},
  booktitle = {Proceedings of the Conference on Visualization '02},
  year      = {2002},
  pages     = {307--314},
  publisher = {IEEE},
}

@article{Banks1995,
  author    = {Banks, D. C. and Singer, B. A.},
  title     = {A Predictor-Corrector Technique for Visualizing Unsteady Flow},
  journal   = {IEEE Transactions on Visualization and Computer Graphics},
  year      = {1995},
  volume    = {1},
  number    = {2},
  pages     = {151--163},
  publisher = {IEEE},
}

@article{Stegmaier2005,
  author    = {Stegmaier, S. and Rist, U. and Ertl, T.},
  title     = {Opening the Can of Worms: {A}n Exploration Tool for Vortical Flows},
  year      = {2005},
  publisher = {IEEE},
}

@article{Miura1997,
  author    = {Miura, H. and Kida, S.},
  title     = {Identification of Tubular Vortices in Turbulence},
  journal   = {Journal of the Physical Society of Japan},
  year      = {1997},
  volume    = {66},
  number    = {5},
  pages     = {1331--1334},
  publisher = {The Physical Society of Japan},
}

@inproceedings{Sahner2005,
  author    = {Sahner, J. and Weinkauf, T. and Hege, H.-C.},
  title     = {{G}alilean Invariant Extraction and Iconic Representation of Vortex Core Lines},
  booktitle = {EuroVis},
  year      = {2005},
  pages     = {151--160},
}

@article{Sahner2007,
  author    = {Sahner, J. and Weinkauf, T. and Teuber, N. and Hege, H.-C.},
  title     = {Vortex and Strain Skeletons in {E}ulerian and {L}agrangian Frames},
  journal   = {IEEE Transactions on Visualization and Computer Graphics},
  year      = {2007},
  volume    = {13},
  number    = {5},
  publisher = {IEEE},
}

@inproceedings{Edelsbrunner2001,
  author    = {Edelsbrunner, H. and Harer, J. and Zomorodian, A.},
  title     = {Hierarchical {M}orse Complexes for Piecewise Linear 2-Manifolds},
  booktitle = {Proceedings of the Seventeenth Annual Symposium on Computational Geometry},
  year      = {2001},
  pages     = {70--79},
  publisher = {ACM},
}

@article{Forman1998,
  author    = {Robin Forman},
  title     = {{M}orse Theory for Cell Complexes},
  journal   = {Advances in Mathematics},
  year      = {1998},
  volume    = {134},
  number    = {1},
  pages     = {90--145},
  publisher = {Elsevier},
}

@incollection{Bremer2007,
  author    = {Bremer, P. T. and Pascucci, V.},
  title     = {Topology-Based Methods in Visualization},
  publisher = {Springer},
  year      = {2007},
  editor    = {Hauser, H. and Hagen, H. and Theisel, H.},
  pages     = {151--169},
}

@inproceedings{Cazals2003,
  author    = {Cazals, F. and Chazal, F. and Lewiner, T.},
  title     = {Molecular Shape Analysis Based Upon the {M}orse-{S}male Complex and the {C}onnolly Function},
  booktitle = {Proceedings of the Nineteenth Annual Symposium on Computational Geometry},
  year      = {2003},
  pages     = {351--360},
  publisher = {ACM},
}

@inproceedings{Edelsbrunner2000,
  author    = {Edelsbrunner, H. and Letscher, D. and Zomorodian, A.},
  title     = {Topological Persistence and Simplification},
  booktitle = {Proceedings \nth{41} Annual Symposium on Foundations of Computer Science},
  year      = {2000},
  pages     = {454--463},
  publisher = {IEEE},
}

@inproceedings{Hildebrandt2005,
  author    = {Hildebrandt, K. and Polthier, K. and Wardetzky, M.},
  title     = {Smooth Feature Lines on Surface Meshes},
  booktitle = {Symposium on Geometry Processing},
  year      = {2005},
  pages     = {85--90},
}

@article{Natarajan2006,
  author    = {Natarajan, V. and Wang, Y. and Bremer, P.-T. and Pascucci, V. and Hamann, B.},
  title     = {Segmenting Molecular Surfaces},
  journal   = {Computer Aided Geometric Design},
  year      = {2006},
  volume    = {23},
  number    = {6},
  pages     = {495--509},
  publisher = {North-Holland},
}

@article{Weinkauf2009,
  author    = {Weinkauf, T. and G\"unther, D.},
  title     = {Separatrix Persistence: {E}xtraction of Salient Edges on Surfaces Using Topological Methods},
  journal   = {Computer Graphics Forum},
  year      = {2009},
  volume    = {28},
  number    = {5},
  pages     = {1519--1528},
  publisher = {Wiley Online Library},
}

@inproceedings{Theisel2003,
  author    = {Theisel, H. and Weinkauf, T. and Hege, H.-C. and Seidel, H.-P.},
  title     = {Saddle Connectors -- {A}n Approach to Visualizing the Topological Skeleton of Complex \ac{3D} Vector Fields},
  booktitle = {Proceedings of the Conference on Visualization '03},
  year      = {2003},
  pages     = {225--232},
  publisher = {IEEE},
}

@inproceedings{Theisel2003a,
  author    = {Theisel, H. and Seidel, H.-P.},
  title     = {Feature Flow Fields},
  booktitle = {VisSym},
  year      = {2003},
  volume    = {3},
  pages     = {141--148},
}

@article{Theisel2005,
  author    = {Theisel, H. and Weinkauf, T. and Hege, H.-C. and Seidel, H.-P.},
  title     = {Topological Methods for \ac{2D} Time-Dependent Vector Fields Based on Stream Lines and Path Lines},
  journal   = {IEEE Transactions on Visualization and Computer Graphics},
  year      = {2005},
  number    = {4},
  pages     = {383--394},
  publisher = {IEEE},
}

@article{Weinkauf2006,
  author    = {Weinkauf, T. and Theisel, H. and Hege, H.-C. and Seidel, H.-P.},
  title     = {Topological Structures in Two-Parameter-Dependent \ac{2D} Vector Fields},
  journal   = {Computer Graphics Forum},
  year      = {2006},
  volume    = {25},
  number    = {3},
  pages     = {607--616},
  publisher = {Wiley Online Library},
}

@inproceedings{Shi2006,
  author    = {Shi, K. and Theisel, H. and Weinkauf, T. and Hauser, H. and Hege, H.-C. and Seidel, H.-P.},
  title     = {Path Line Oriented Topology for Periodic \ac{2D} Time-Dependent Vector Fields},
  booktitle = {EuroVis},
  year      = {2006},
  pages     = {139--146},
}

@article{Roessl2012,
  author    = {R\"ossl, C. and Theisel, H.},
  title     = {Streamline Embedding for \ac{3D} Vector Field Exploration},
  journal   = {IEEE Transactions on Visualization and Computer Graphics},
  year      = {2012},
  volume    = {18},
  number    = {3},
  pages     = {407--420},
  publisher = {IEEE},
}

@article{Otto2010,
  author    = {Otto, M. and Germer, T. and Hege, H.-C. and Theisel, H.},
  title     = {Uncertain \ac{2D} Vector Field Topology},
  journal   = {Computer Graphics Forum},
  year      = {2010},
  volume    = {29},
  number    = {2},
  pages     = {347--356},
  publisher = {Wiley Online Library},
}

@InProceedings{Otto2011,
  author    = {Otto, M. and Germer, T. and Theisel, H.},
  title     = {Uncertain Topology of \ac{3D} Vector Fields},
  booktitle = {IEEE PacificVis},
  year      = {2011},
  pages     = {67--74},
  publisher = {IEEE},
}

@article{Theisel2003b,
  author    = {Theisel, H. and R\"ossl, C. and Seidel, H.-P.},
  title     = {Compression of \ac{2D} Vector Fields Under Guaranteed Topology Preservation},
  journal   = {Computer Graphics Forum},
  year      = {2003},
  volume    = {22},
  number    = {3},
  pages     = {333--342},
  publisher = {Wiley Online Library},
}

@article{Theisel2002,
  author    = {Theisel, H.},
  title     = {Designing \ac{2D} Vector Fields of Arbitrary Topology},
  journal   = {Computer Graphics Forum},
  year      = {2002},
  volume    = {21},
  number    = {3},
  pages     = {595--604},
  publisher = {Wiley Online Library},
}

@article{Weinkauf2004,
  author    = {Weinkauf, T. and Theisel, H. and Hege, H.-C. and Seidel, H.-P.},
  title     = {Topological Construction and Visualization of Higher Order \ac{3D} Vector Fields},
  journal   = {Computer Graphics Forum},
  year      = {2004},
  volume    = {23},
  number    = {3},
  pages     = {469--478},
  publisher = {Wiley Online Library},
}

@inproceedings{Weinkauf2005,
  author    = {Weinkauf, T. and Theisel, H. and Shi, K. and Hege, H.-C. and Seidel, H.-P.},
  title     = {Extracting Higher Order Critical Points and Topological Simplification of \ac{3D} Vector Fields},
  booktitle = {Proceedings of the Conference on Visualization '05},
  year      = {2005},
  pages     = {549--556},
  publisher = {IEEE},
}

@inproceedings{Theisel2005a,
  author    = {Theisel, H. and Sahner, J. and Weinkauf, T. and Hege, H.-C. and Seidel, H.-P.},
  title     = {Extraction of Parallel Vector Surfaces in \ac{3D} Time-Dependent Fields and Application to Vortex Core Line Tracking},
  booktitle = {Proceedings of the Conference on Visualization '05},
  year      = {2005},
  pages     = {631--638},
  publisher = {IEEE},
}

@article{Weinkauf2007,
  author    = {Weinkauf, T. and Sahner, J. and Theisel, H. and Hege, H.-C.},
  title     = {Cores of Swirling Particle Motion in Unsteady Flows},
  journal   = {IEEE Transactions on Visualization and Computer Graphics},
  year      = {2007},
  volume    = {13},
  number    = {6},
  pages     = {1759--1766},
  publisher = {IEEE},
}

@article{Schultz2007,
  author    = {Schultz, T. and Theisel, H. and Seidel, H.-P.},
  title     = {Topological Visualization of Brain Diffusion {MRI} Data},
  journal   = {IEEE Transactions on Visualization and Computer Graphics},
  year      = {2007},
  number    = {6},
  pages     = {1496--1503},
  publisher = {IEEE},
}

@inproceedings{Schultz2007a,
  author    = {Schultz, T. and Theisel, H. and Seidel, H.-P.},
  title     = {Segmentation of {DT}-{MRI} Anisotropy Isosurfaces},
  booktitle = {EuroVis},
  year      = {2007},
  pages     = {187--194},
}

@article{Schultz2008,
  author    = {Schultz, T. and Sauber, N. and Anwander, A. and Theisel, H. and Seidel, H.-P.},
  title     = {Virtual {K}lingler Dissection: {P}utting Fibers Into Context},
  journal   = {Computer Graphics Forum},
  year      = {2008},
  volume    = {27},
  number    = {3},
  pages     = {1063--1070},
  publisher = {Wiley Online Library},
}

@article{Schultz2010,
  author    = {Schultz, T. and Theisel, H. and Seidel, H.-P.},
  title     = {Crease Surfaces: {F}rom Theory to Extraction and Application to Diffusion Tensor \ac{MRI}},
  journal   = {IEEE Transactions on Visualization and Computer Graphics},
  year      = {2010},
  volume    = {16},
  number    = {1},
  pages     = {109--119},
  publisher = {IEEE},
}

@article{Shi2008,
  author    = {Shi, K. and Theisel, H. and Weinkauf, T. and Hege, H.-C. and Seidel, H.-P.},
  title     = {Visualizing Transport Structures of Time-Dependent Flow Fields},
  journal   = {Computer Graphics and Applications},
  year      = {2008},
  volume    = {28},
  number    = {5},
  pages     = {24--36},
  publisher = {IEEE},
}

@article{Germer2011,
  author    = {Germer, T. and Otto, M. and Peikert, R. and Theisel, H.},
  title     = {{L}agrangian Coherent Structures With Guaranteed Material Separation},
  journal   = {Computer Graphics Forum},
  year      = {2011},
  volume    = {30},
  number    = {3},
  pages     = {761--770},
  publisher = {Wiley Online Library},
}

@article{Funck2008,
  author    = {von Funck, W. and Weinkauf, T. and Theisel, H. and Seidel, H.-P.},
  title     = {Smoke Surfaces: {A}n Interactive Flow Visualization Technique Inspired by Real-World Flow Experiments},
  journal   = {IEEE Transactions on Visualization and Computer Graphics},
  year      = {2008},
  volume    = {14},
  number    = {6},
  pages     = {1396--1403},
  publisher = {IEEE},
}

@article{Buerger2009,
  author    = {B\"urger, K. and Ferstl, F. and Theisel, H. and Westermann, R.},
  title     = {Interactive Streak Surface Visualization on the {GPU}},
  journal   = {IEEE Transactions on Visualization and Computer Graphics},
  year      = {2009},
  volume    = {15},
  number    = {6},
  pages     = {1259--1266},
  publisher = {IEEE},
}

@article{Ferstl2010,
  author    = {Ferstl, F. and B\"urger, K. and Theisel, H. and Westermann, R.},
  title     = {Interactive Separating Streak Surfaces},
  journal   = {IEEE Transactions on Visualization and Computer Graphics},
  year      = {2010},
  number    = {6},
  pages     = {1569--1577},
  publisher = {IEEE},
}

@article{Weinkauf2010,
  author    = {Weinkauf, T. and Theisel, H.},
  title     = {Streak Lines as Tangent Curves of a Derived Vector Field},
  journal   = {IEEE Transactions on Visualization and Computer Graphics},
  year      = {2010},
  volume    = {16},
  number    = {6},
  pages     = {1225--1234},
  publisher = {IEEE},
}

@inproceedings{Funck2006,
  author    = {von Funck, W. and Theisel, H. and Seidel, H.-P.},
  title     = {Vector Field Based Shape Deformations},
  booktitle = {ACM Transactions on Graphics (TOG)},
  year      = {2006},
  volume    = {25},
  number    = {3},
  pages     = {1118--1125},
  publisher = {ACM},
}

@inproceedings{Funck2007,
  author    = {von Funck, W. and Theisel, H. and Seidel, H.-P.},
  title     = {Elastic Secondary Deformations by Vector Field Integration},
  booktitle = {ACM International Conference Proceeding Series},
  year      = {2007},
  volume    = {257},
  pages     = {99--108},
}

@inproceedings{MartinezEsturo2010,
  author    = {Martinez Esturo, J. and R\"ossl, C. and Theisel, H.},
  title     = {Continuous Deformations of Implicit Surfaces},
  booktitle = {VMV},
  year      = {2010},
  pages     = {219--226},
}

@inproceedings{MartinezEsturo2011,
  author    = {Martinez Esturo, J. and R\"ossl, C. and Fr\"ohlich, S. and Botsch, M. and Theisel, H.},
  title     = {Pose Correction by Space-Time Integration},
  booktitle = {VMV},
  year      = {2011},
  pages     = {33--40},
}

@article{Thevenin1996,
  author    = {Th\'evenin, D. and Behrendt, F. and Maas, U. and Przywara, B. and Warnatz, J.},
  title     = {Development of a Parallel Direct Simulation Code to Investigate Reactive Flows},
  journal   = {Computers \& Fluids},
  year      = {1996},
  volume    = {25},
  number    = {5},
  pages     = {485--496},
  publisher = {Elsevier},
}

@incollection{Thevenin2001,
  author    = {Th\'evenin, D. and Hilbert, R. and de Charentenay, J. and Gicquel, O.},
  title     = {Progress in Direct Simulations of \ac{3D} Turbulent Flames},
  booktitle = {Direct and Large-Eddy Simulation IV},
  publisher = {Springer},
  year      = {2001},
  pages     = {105--112},
}

@article{Thevenin2002,
  author    = {Th\'evenin, D. and Gicquel, O. and de Charentenay, J. and Hilbert, R. and Veynante, D.},
  title     = {Two-Versus Three-Dimensional Direct Simulations of Turbulent Methane Flame Kernels Using Realistic Chemistry},
  journal   = {Proceedings of the Combustion Institute},
  year      = {2002},
  volume    = {29},
  number    = {2},
  pages     = {2031--2039},
  publisher = {Elsevier},
}

@incollection{Fru2009,
  author    = {Fru, G. and Shalaby, H. and Laverdant, A. and Zistl, C. and Janiga, G. and Th\'evenin, D.},
  title     = {Direct Numerical Simulations of Turbulent Flames to Analyze Flame/Acoustic Interactions},
  booktitle = {Combustion Noise},
  publisher = {Springer},
  year      = {2009},
  pages     = {239--268},
}

@inproceedings{Janiga2009,
  author    = {Janiga, G. and Th\'evenin, D.},
  title     = {Three-Dimensional Detailed Simulation of Laminar Burners on Parallel Computers},
  booktitle = {Proceedings of the European Combustion Meeting ECM2009},
  year      = {2009},
  pages     = {810175},
}

@article{Baum1995,
  author    = {Baum, M. and Poinsot, T. and Th\'evenin, D.},
  title     = {Accurate Boundary Conditions for Multicomponent Reactive Flows},
  journal   = {Journal of Computational Physics},
  year      = {1995},
  volume    = {116},
  number    = {2},
  pages     = {247--261},
  publisher = {Elsevier},
}

@article{Hilbert2004,
  author    = {Hilbert, R. and Tap, F. and El-Rabii, H. and Th\'evenin, D.},
  title     = {Impact of Detailed Chemistry and Transport Models on Turbulent Combustion Simulations},
  journal   = {Progress in Energy and Combustion Science},
  year      = {2004},
  volume    = {30},
  number    = {1},
  pages     = {61--117},
  publisher = {Elsevier},
}

@article{Fru2012,
  author    = {Fru, G. and Janiga, G. and Th\'evenin, D.},
  title     = {Impact of Volume Viscosity on the Structure of Turbulent Premixed Flames in the Thin Reaction Zone Regime},
  journal   = {Flow, Turbulence and Combustion},
  year      = {2012},
  volume    = {88},
  number    = {4},
  pages     = {451--478},
  publisher = {Springer},
}

@inproceedings{Maas1998,
  author    = {Maas, U. and Th\'evenin, D.},
  title     = {Correlation Analysis of Direct Numerical Simulation Data of Turbulent Non-Premixed Flames},
  booktitle = {International Symposium on Combustion},
  year      = {1998},
  volume    = {27},
  number    = {1},
  pages     = {1183--1189},
  publisher = {Elsevier},
}

@article{Janiga2011,
  author    = {Janiga, G. and Tr\"umper, K.},
  title     = {Dimension Reduction for Laminar Methane Combustion},
  year      = {2011},
  pages     = {300--302},
  booktitle = {International Workshop on Model Reduction in Reacting Flows},
}

@article{Hilbert2002,
  author    = {Hilbert, R. and Th\'evenin, D.},
  title     = {Autoignition of Turbulent Non-Premixed Flames Investigated Using Direct Numerical Simulations},
  journal   = {Combustion and flame},
  year      = {2002},
  volume    = {128},
  number    = {1-2},
  pages     = {22--37},
  publisher = {Elsevier},
}

@article{Fru2011,
  author    = {Fru, G. and Th\'evenin, D. and Janiga, G.},
  title     = {Impact of Turbulence Intensity and Equivalence Ratio on the Burning Rate of Premixed Methane-Air Flames},
  journal   = {Energies},
  year      = {2011},
  volume    = {4},
  number    = {6},
  pages     = {878--893},
  publisher = {Molecular Diversity Preservation International},
}

@article{Zistl2009,
  author    = {Zistl, C. and Hilbert, R. and Janiga, G. and Th\'evenin, D.},
  title     = {Increasing the Efficiency of Postprocessing for Turbulent Reacting Flows},
  journal   = {Computing and Visualization in Science},
  year      = {2009},
  volume    = {12},
  number    = {8},
  pages     = {383--395},
  publisher = {Springer},
}

@article{Kreizer2010,
  author    = {Kreizer, M. and Ratner, D. and Liberzon, A.},
  title     = {Real-Time Image Processing for Particle Tracking Velocimetry},
  journal   = {Experiments in fluids},
  year      = {2010},
  volume    = {48},
  number    = {1},
  pages     = {105--110},
  publisher = {Springer},
}

@inproceedings{Bremer2009,
  author    = {Bremer, P.-T. and Weber, Gunther H. and Tierny, Julien and Pascucci, Valerio and Day, Marcus S. and Bell, John B.},
  title     = {A Topological Framework for the Interactive Exploration of Large Scale Turbulent Combustion},
  booktitle = {e-Science},
  year      = {2009},
  pages     = {247--254},
}

@article{Ma2009,
  author    = {Ma, K.-L.},
  title     = {In Situ Visualization at Extreme Scale: Challenges and Opportunities},
  journal   = {Computer Graphics and Applications},
  year      = {2009},
  volume    = {29},
  number    = {6},
  pages     = {14--19},
  publisher = {IEEE},
}

@article{Yu2010,
  author    = {Yu, Hongfeng and Wang, Chaoli and Grout, Ray W. and Chen, Jacqueline H. and Ma, K.-L.},
  title     = {In Situ Visualization for Large-Scale Combustion Simulations},
  journal   = {Computer Graphics and Applications},
  year      = {2010},
  volume    = {30},
  number    = {3},
  pages     = {45--57},
  publisher = {IEEE},
}

@article{Kim2000,
  author    = {Kim, Beong-Jo and Xiong, Zixiang and Pearlman, William A.},
  title     = {Low Bit-Rate Scalable Video Coding With 3-D Set Partitioning in Hierarchical Trees (3-D SPIHT)},
  journal   = {IEEE Transactions on Circuits and Systems for Video Technology},
  year      = {2000},
  volume    = {10},
  number    = {8},
  pages     = {1374--1387},
  publisher = {IEEE},
}

@article{Nguyen2001,
  author    = {Nguyen, Ky Giang and Saupe, Dietmar},
  title     = {Rapid High Quality Compression of Volume Data for Visualization},
  journal   = {Computer Graphics Forum},
  year      = {2001},
  volume    = {20},
  number    = {3},
  pages     = {49--57},
  publisher = {Blackwell Publishers Ltd},
}

@inproceedings{Fout2005,
  author       = {Fout, Nathaniel and Ma, K.-L. and Ahrens, James},
  title        = {Time-Varying, Multivariate Volume Data Reduction},
  booktitle    = {Proceedings of the ACM Symposium on Applied Computing},
  year         = {2005},
  pages        = {1224--1230},
  organization = {ACM},
}

@incollection{Fru2011a,
  author    = {Fru, Gordon and Janiga, G\'{a}bor and Th\'{e}venin, Dominique},
  title     = {Direct Numerical Simulation of Highly Turbulent Premixed Flames Burning Methane},
  booktitle = {Direct and Large-Eddy Simulation VIII},
  publisher = {Springer Netherlands},
  year      = {2011},
  editor    = {Kuerten, Hans and Geurts, Bernard and Armenio, Vincenzo and Fr\"{o}hlich, Jochen},
  volume    = {15},
  series    = {ERCOFTAC Series},
  pages     = {327--332},
  language  = {English},
}

@book{Poinsot2012,
  title     = {Theoretical and Numerical Combustion},
  year      = {2012},
  author    = {Poinsot, Thierry and Veynante, Denis},
}

@article{Boissonnat2005,
  author    = {Jean-Daniel Boissonnat and Steve Oudot},
  title     = {Provably Good Sampling and Meshing of Surfaces},
  journal   = {Graphical Models},
  year      = {2005},
  volume    = {67},
  number    = {5},
  pages     = {405--451},
}

@inproceedings{Kindlmann2003,
  author       = {Kindlmann, G. and Whitaker, Ross and Tasdizen, Tolga and M\"{o}ller, Torsten},
  title        = {Curvature-Based Transfer Functions for Direct Volume Rendering: Methods and Applications},
  booktitle    = {Visualization Conference},
  year         = {2003},
  pages        = {513--520},
  organization = {IEEE},
}

@book{Jaehne2005,
  title     = {Digital Image Processing},
  year      = {2005},
  author    = {B. J\"{a}hne},
}

@article{Arya1998,
  author    = {Arya, Sunil and Mount, David M. and Netanyahu, Nathan S. and Silverman, Ruth and Wu, Angela Y.},
  title     = {An Optimal Algorithm for Approximate Nearest Neighbor Searching in Fixed Dimensions},
  journal   = {Journal of the ACM},
  year      = {1998},
  volume    = {45},
  number    = {6},
  pages     = {891--923},
  address   = {New York, NY, USA},
  publisher = {ACM},
}

@inproceedings{Fowler2000,
  author       = {Fowler, James E.},
  title        = {QccPack: An Open-Source Software Library for Quantization, Compression, and Coding},
  booktitle    = {International Symposium on Optical Science and Technology},
  year         = {2000},
  pages        = {294--301},
  organization = {International Society for Optics and Photonics},
}

@article{Ferrante2003,
  author    = {Ferrante, A. and Elghobashi, S.},
  title     = {On the Physical Mechanisms of Two-Way Coupling in Particle-Laden Isotropic Turbulence},
  journal   = {Physics of Fluids (1994-present)},
  year      = {2003},
  volume    = {15},
  number    = {2},
  pages     = {315--329},
}

@article{Sripakagorn2004,
  author    = {Sripakagorn, Paiboon and Mitarai, Satoshi and Kos\'aly, George and Pitsch, Heinz},
  title     = {Extinction and Reignition in a Diffusion Flame: A Direct Numerical Simulation Study},
  journal   = {Journal of Fluid Mechanics},
  year      = {2004},
  volume    = {518},
  pages     = {231--259},
  publisher = {Cambridge University Press},
}

@article{Renard1999,
  author    = {Paul-Henri Renard and Juan Carlos Rolon and Dominique Th\'evenin and S\'ebastien Candel},
  title     = {Investigations of Heat Release, Extinction, and Time Evolution of the Flame Surface, for a Nonpremixed Flame Interacting With a Vortex},
  journal   = {Combustion and Flame},
  year      = {1999},
  volume    = {117},
  number    = {1--2},
  pages     = {189--205},
}

@article{Scholtissek2017,
  author    = {A. Scholtissek and F. Dietzsch and M. Gauding and C. Hasse},
  title     = {In-Situ Tracking of Mixture Fraction Gradient Trajectories and Unsteady Flamelet Analysis in Turbulent Non-Premixed Combustion},
  journal   = {Combustion and Flame},
  year      = {2017},
  volume    = {175},
  pages     = {243--258},
}

@inproceedings{Garth2008,
  author       = {Garth, C. and Wiebel, A. and Tricoche, X. and Joy, K. and Scheuermann, G.},
  title        = {Lagrangian Visualization of Flow-Embedded Surface Structures},
  booktitle    = {Computer Graphics Forum},
  year         = {2008},
  volume       = {27},
  number       = {3},
  pages        = {1007--1014},
  organization = {Wiley Online Library},
}

@article{Silver1997,
  author    = {D. Silver and X.Wang},
  title     = {Tracking and Visualizing Turbulent \ac{3D} Features},
  journal   = {IEEE TVCG},
  year      = {1997},
  volume    = {3},
  number    = {2},
  pages     = {129--141},
}

@article{Sauer2014,
  author    = {Sauer, F. and Yu, H. and Ma, K.-L.},
  title     = {Trajectory-Based Flow Feature Tracking in Joint Particle/Volume Datasets},
  journal   = {IEEE TVCG},
  year      = {2014},
  volume    = {20},
  number    = {12},
  pages     = {2565--2574},
  publisher = {IEEE},
}

@article{Clyne2013,
  author    = {Clyne, J. and Mininni, P. and Norton, A.},
  title     = {Physically-Based Feature Tracking for CFD Data},
  journal   = {IEEE TVCG},
  year      = {2013},
  volume    = {19},
  number    = {6},
  pages     = {1020--1033},
}

@inproceedings{Mascarenhas2009,
  author       = {Mascarenhas, A. and Grout, R. W. and Yoo, C. S. and Chen, J. H.},
  title        = {Tracking Flame Base Movement and Interaction With Ignition Kernels Using Topological Methods},
  booktitle    = {Journal of Physics: Conference Series},
  year         = {2009},
  volume       = {180},
  number       = {1},
  pages        = {012086},
  organization = {IOP Publishing},
}

@conference{Duque2012,
  author    = {Duque, E. P. N. and Hiepler, D. and Stone, C. P. and Legensky, S. M. and Ma, K.-L. and Muelder, C. and Wei, J.},
  title     = {IFDT -- Intelligent In-Situ Feature Detection, Extraction, Tracking and Visualization for Turbulent Flow Simulations},
  booktitle = {7th International Conference on Computational Fluid Dynamics},
  year      = {2012},
}

@InProceedings{Muelder2009,
  author    = {Muelder, C. and Ma, K.-L.},
  title     = {Interactive Feature Extraction and Tracking by Utilizing Region Coherency},
  booktitle = {IEEE PacificVis},
  year      = {2009},
  pages     = {17--24},
  publisher = {IEEE},
}

@article{Bremer2010,
  author    = {Bremer, P.-T. and Weber, G. H. and Pascucci, V. and Day, M. and Bell, J. B.},
  title     = {Analyzing and Tracking Burning Structures in Lean Premixed Hydrogen Flames},
  journal   = {IEEE TVCG},
  year      = {2010},
  volume    = {16},
  number    = {2},
  pages     = {248--260},
  publisher = {IEEE},
}

@inproceedings{Wang2013,
  author    = {Wang, Y. and Yu, H. and Ma, K.-L.},
  title     = {Scalable Parallel Feature Extraction and Tracking for Large Time-Varying \ac{3D} Volume Data.},
  booktitle = {EGPGV},
  year      = {2013},
  pages     = {17--24},
}

@inproceedings{Crossno1997,
  author       = {Crossno, P. and Angel, E.},
  title        = {Isosurface Extraction Using Particle Systems},
  booktitle    = {Proc. 8th Conference on Visualization},
  year         = {1997},
  pages        = {495--ff},
  organization = {IEEE},
}

@article{Krishnan2009,
  author    = {Krishnan, H. and Garth, C. and Joy, K. I.},
  title     = {Time and Streak Surfaces for Flow Visualization in Large Time-Varying Data Sets},
  journal   = {IEEE TVCG},
  year      = {2009},
  volume    = {15},
  number    = {6},
  pages     = {1267--1274},
  publisher = {IEEE},
}

@InProceedings{Berres2015,
  author    = {Berres, A. and Obermaier, H. and Joy, Ken and Hagen, H.},
  title     = {Adaptive Particle Relaxation for Time Surfaces},
  booktitle = {IEEE PacificVis},
  year      = {2015},
  pages     = {147--151},
  publisher = {IEEE},
}

@inproceedings{Camp2012,
  author    = {Camp, D. and Childs, H. and Garth, C. and Pugmire, D. and Joy, K. I},
  title     = {Parallel Stream Surface Computation for Large Data Sets},
  booktitle = {IEEE LDAV},
  year      = {2012},
  pages     = {39--47},
}

@inproceedings{Agranovsky2014,
  author    = {Agranovsky, A. and Camp, D. and Garth, C. and Bethel, E. W. and Joy, K. I. and Childs, H.},
  title     = {Improved Post Hoc Flow Analysis via {L}agrangian Representations},
  booktitle = {IEEE LDAV},
  year      = {2014},
  pages     = {67--75},
}

@book{MPIForum2015,
  title     = {{MPI}: {A} Message-Passing Interface Standard, {Version} 3.1},
  publisher = {High Performance Computing Center Stuttgart (HLRS)},
  year      = {2015},
  author    = {{MPI Forum}},
}

@article{Haller2002,
  author    = {Haller, G.},
  title     = {Lagrangian Coherent Structures From Approximate Velocity Data},
  journal   = {Physics of Fluids},
  year      = {2002},
  volume    = {14},
  number    = {6},
  pages     = {1851--1861},
}

@incollection{Ahrens2005,
  author    = {Ahrens, J. and Geveci, B. and Law, C. and Hansen, C. and Johnson, C.},
  title     = {Paraview: An End-User Tool for Large-Data Visualization},
  booktitle = {The Visualization Handbook},
  publisher = {Elsevier},
  year      = {2005},
}

@inproceedings{Peikert1999a,
  author        = {R. Peikert and M. Roth},
  title         = {The Parallel Vectors Operator - a Vector Field Visualization Primitive},
  booktitle     = {Proc. IEEE VIS},
  year          = {1999},
  pages         = {263--270},
}

@article{Haralick1983,
  author        = {Haralick, R.},
  title         = {Ridges and Valleys on Digital Images},
  journal       = {Computer Vision, Graphics, and Image Processing},
  year          = {1983},
  volume        = {22},
  pages         = {28--38},
}

@article{Kenwright1999,
  author        = {D.N. Kenwright and C. Henze and C. Levit},
  title         = {Feature Extraction of Separation and Attachment Lines},
  journal       = {IEEE TVCG},
  year          = {1999},
  volume        = {5},
  number        = {2},
  pages         = {135--144},
}

@phdthesis{Roth2000,
  author        = {M. Roth},
  title         = {Automatic Extraction of Vortex Core Lines and Other Line Type Features for Scientific Visualization},
  school        = {ETH Z\"{u}rich},
  year          = {2000},
}

@inproceedings{Sukharev2006,
  author        = {Sukharev, J. and Zheng, X. and Pang, A.},
  title         = {Tracing Parallel Vectors},
  booktitle     = {Proc. SPIE},
  year          = {2006},
  volume        = {6060},
  pages         = {606011--606011-10},
  organization  = {International Society for Optics and Photonics},
}

@article{Gelder2009,
  author        = {A. van Gelder and A. Pang},
  title         = {Using {PV}solve to Analyze and Locate Positions of Parallel Vectors},
  journal       = {IEEE TVCG},
  year          = {2009},
  volume        = {15},
  number        = {4},
  pages         = {682--695},
  address       = {Los Alamitos, CA, USA},
  publisher     = {IEEE Computer Society},
}

@inproceedings{Bauer2002,
  author        = {Bauer, D. and Peikert, R.},
  title         = {Vortex Tracking in Scale-Space},
  booktitle     = {Proc. VisSym},
  year          = {2002},
  pages         = {233--240},
}

@article{Fuchs2007,
  author        = {R. Fuchs and R. Peikert and H. Hauser and F. Sadlo and Ph. Muigg.},
  title         = {Parallel Vectors Criteria for Unsteady Flow Vortices},
  journal       = {IEEE TVCG},
  year          = {2007},
  volume        = {14},
  pages         = {615--626},
}

@inproceedings{Pagot2011,
  author        = {Pagot, C. and Osmari, D. and Sadlo, F. and Weiskopf, D. and Ertl, T. and Comba, J.},
  title         = {Efficient Parallel Vectors Feature Extraction From Higher-Order Data},
  booktitle     = {CGF (Proc. EuroVis)},
  year          = {2011},
  volume        = {30},
  number        = {3},
  pages         = {751--760},
}

@inproceedings{Kindlmann2004,
  author        = {Kindlmann, G.},
  title         = {Superquadric Tensor Glyphs},
  booktitle     = {Proc. VisSym},
  year          = {2004},
  pages         = {147--154},
  organization  = {Eurographics Association},
}

@article{Schultz2010a,
  author        = {Schultz, T. and Kindlmann, G. L.},
  title         = {Superquadric Glyphs for Symmetric Second-Order Tensors},
  journal       = {IEEE TVCG},
  year          = {2010},
  volume        = {16},
  number        = {6},
  pages         = {1595--1604},
  publisher     = {IEEE},
}

@Article{Gerrits2017,
  author  = {T. Gerrits and C. R\"ossl and H. Theisel},
  title   = {Glyphs for General Second-Order \ac{2D} and \ac{3D} Tensors},
  journal = {IEEE TVCG},
  year    = {2017},
  volume  = {23},
  number  = {1},
  pages   = {980--989},
}

@article{Hashash2003,
  author        = {Hashash, Y. and Yao, J. I. and Wotring, D. C. and others},
  title         = {Glyph and Hyperstreamline Representation of Stress and Strain Tensors and Material Constitutive Response},
  journal       = {International Journal for Numerical and Analytical Methods in Geomechanics},
  year          = {2003},
  volume        = {27},
  number        = {7},
  pages         = {603--626},
  publisher     = {Wiley Online Library},
}

@article{Zhang2016,
  author        = {Zhang, C. and Schultz, T. and Lawonn, K. and Eisemann, E. and Vilanova, A.},
  title         = {Glyph-Based Comparative Visualization for Diffusion Tensor Fields},
  journal       = {IEEE TVCG},
  year          = {2016},
  volume        = {22},
  number        = {1},
  pages         = {797--806},
}

@article{Kindlmann2006,
  author        = {Kindlmann, G. and Westin, C.-F.},
  title         = {Diffusion Tensor Visualization With Glyph Packing},
  journal       = {IEEE TVCG},
  year          = {2006},
  volume        = {12},
  number        = {5},
  publisher     = {IEEE},
}

@article{Delmarcelle1993,
  author        = {T. Delmarcelle and L. Hesselink},
  title         = {Visualizing Second-Order Tensor Fields With Hyperstreamlines},
  journal       = {IEEE CGA},
  year          = {1993},
  volume        = {13},
  number        = {4},
  pages         = {25--33},
}

@inproceedings{Weinstein1999,
  author        = {D. Weinstein and G. Kindlmann and E. Lundberg},
  title         = {Tensorlines: Advection-Diffusion Based Propagation Through Diffusion Tensor Fields},
  booktitle     = {Proc. IEEE VIS},
  year          = {1999},
  editor        = {D. Ebert and M. Gross and B. Hamann},
  pages         = {249--253},
}

@article{Jeremic2002,
  author        = {Jeremi\'c, B. and Scheuermann, G. and Frey, J. and Yang, Z. and Hamann, B. and Joy, K. I and Hagen, H.},
  title         = {Tensor Visualizations in Computational Geomechanics},
  journal       = {International Journal for Numerical and Analytical Methods in Geomechanics},
  year          = {2002},
  volume        = {26},
  number        = {10},
  pages         = {925--944},
  publisher     = {Wiley Online Library},
}

@inproceedings{Delmarcelle1994,
  author        = {Delmarcelle, T. and Hesselink, L.},
  title         = {The Topology of Symmetric, Second-Order Tensor Fields},
  booktitle     = {Proc. IEEE VIS},
  year          = {1994},
  pages         = {140--147},
}

@article{Hesselink1997,
  author        = {L. Hesselink and Y. Levy and Y. Lavin},
  title         = {The Topology of Symmetric, Second-Order \ac{3D} Tensor Fields},
  journal       = {IEEE TVCG},
  year          = {1997},
  volume        = {3},
  number        = {1},
  pages         = {1--11},
}

@inproceedings{Zheng2004,
  author        = {X. Zheng and A. Pang},
  title         = {Topological Lines in \ac{3D} Tensor Fields},
  booktitle     = {Proc. IEEE VIS},
  year          = {2004},
  pages         = {313--32},
}

@article{Zheng2005,
  author        = {Zheng, X. and Parlett, B. and Pang, A.},
  title         = {Topological Lines in \ac{3D} Tensor Fields and Discriminant Hessian Factorization},
  journal       = {IEEE TVCG},
  year          = {2005},
  volume        = {11},
  number        = {4},
  pages         = {395--407},
}

@article{Tricoche2008,
  author        = {Tricoche, X. and Kindlmann, G. and Westin, C.-F.},
  title         = {Invariant Crease Lines for Topological and Structural Analysis of Tensor Fields},
  journal       = {IEEE TVCG},
  year          = {2008},
  volume        = {14},
  number        = {6},
  pages         = {1627--1634},
}

@inproceedings{Zheng2005a,
  author        = {X. Zheng and A. Pang},
  title         = {\ac{2D} Asymmetric Tensor Analysis},
  booktitle     = {Proc. IEEE VIS},
  year          = {2005},
  pages         = {3--10},
}

@article{Zhang2009,
  author        = {E. Zhang and H. Yeh and Z. Lin and R. S. Laramee},
  title         = {Asymmetric Tensor Analysis for Flow Visualization},
  journal       = {IEEE TVCG},
  year          = {2009},
  volume        = {15},
  number        = {1},
  pages         = {106--122},
}

@article{Palacios2016,
  author        = {Palacios, J. and Yeh, H. and Wang, W. and Zhang, Y. and Laramee, R. S. and Sharma, R. and Schultz, T. and Zhang, E.},
  title         = {Feature Surfaces in Symmetric Tensor Fields Based on Eigenvalue Manifold},
  journal       = {IEEE TVCG},
  year          = {2016},
  volume        = {22},
  number        = {3},
  pages         = {1248--1260},
  publisher     = {IEEE},
}

@book{Farin1997,
  title         = {Curves and Surfaces for Computer Aided Geometric Design},
  publisher     = {Academic Press},
  year          = {1997},
  author        = {G. Farin},
  address       = {Boston},
  edition       = {4th},
}

@inbook{Everitt2011,
  chapter       = {4},
  pages         = {71--110},
  title         = {Hierarchical Clustering},
  publisher     = {Wiley-Blackwell},
  year          = {2011},
  author        = {Everitt, B. S. and Landau, S. and Leese, M. and Stahl, D.},
  booktitle     = {Cluster Analysis},
}

@book{Saada2013,
  title         = {Elasticity: {Theory} and Applications},
  publisher     = {Elsevier},
  year          = {2013},
  author        = {Saada, A. S.},
  volume        = {16},
}

@book{Schroeder2006,
  title         = {The Visualization Toolkit},
  publisher     = {Kitware},
  year          = {2006},
  author        = {Schroeder, W. and Martin, K. and Lorensen, B.},
  edition       = {4},
}

@misc{OpenFOAMWWW,
  title         = {{OpenFOAM}: {The} Open Source {CFD} Toolbox},
  howpublished  = {http://www.openfoam.org},
  url           = {www.openfoam.org},
}

@inproceedings{Machado2013,
  author        = {G. M. Machado and F. Sadlo and T. Ertl},
  title         = {Local Extraction of Bifurcation Lines},
  booktitle     = {Proceedings of International Workshop on Vision, Modeling and Visualization (VMV)},
  year          = {2013},
  pages         = {17--24},
}

@article{Machado2016,
  author        = {G. M. Machado and S. Boblest and T. Ertl and F. Sadlo},
  title         = {Space-Time Bifurcation Lines for Extraction of \ac{2D} {L}agrangian Coherent Structures},
  journal       = {Computer Graphics Forum},
  year          = {2016},
  volume        = {35},
  number        = {3},
  pages         = {91--100},
}

@inproceedings{Pagot2011a,
  author        = {Pagot, C. and Osmari, D. and Sadlo, F. and Weiskopf, D. and Ertl, T. and Comba, J.},
  title         = {Efficient Parallel and Vectors Feature and Extraction From and Higher-Order Data},
  booktitle     = {Computer Graphics Forum},
  year          = {2011},
  volume        = {30},
  number        = {3},
  pages         = {751--760},
  publisher     = {Blackwell Publishing Ltd},
}

@book{Hoschek1993,
  title         = {Fundamentals of Computer Aided Geometric Design},
  publisher     = {A. K. Peters, Ltd.},
  year          = {1993},
  author        = {Hoschek, Josef and Lasser, Dieter},
}

@article{Rockwood1989,
  author        = {Rockwood, A. and Heaton, K. and Davis, T.},
  title         = {Real-Time Rendering of Trimmed Surfaces},
  journal       = {SIGGRAPH},
  year          = {1989},
  volume        = {23},
  number        = {3},
  pages         = {107--116},
  publisher     = {ACM},
}

@misc{OMP2013,
  author        = {{OpenMP Architecture Review Board}},
  title         = {{OpenMP} Application Program Interface {Version 4.0}},
  year          = {2013},
}

@article{Kindlmann2007,
  author        = {G. Kindlmann and X. Tricoche and C.-F. Westin},
  title         = {Delineating White Matter Structure in Diffusion Tensor {MRI} With Anisotropy Creases},
  journal       = {Medical Image Analysis},
  year          = {2007},
  volume        = {11},
  number        = {5},
  pages         = {492--502},
}

@article{Zheng2007,
  author        = {Zheng, X. and Palffy-Muhoray, P.},
  title         = {Eigenvalue Decomposition for Tensors of Arbitrary Rank},
  journal       = {electronic-Liquid Crystal Communications},
  year          = {2007},
}

@Article{Weinkauf2011,
  author    = {T. Weinkauf and H. Theisel and A. Van Gelder and A. Pang},
  title     = {Stable Feature Flow Fields},
  journal   = {IEEE Transactions on Visualization and Computer Graphics},
  year      = {2011},
  volume    = {17},
  number    = {6},
  pages     = {770--780},
  doi       = {10.1109/TVCG.2010.93},
  owner     = {toster},
  timestamp = {2018.11.08},
}

@InProceedings{Peikert2008,
  author    = {R. Peikert and F. Sadlo},
  title     = {Height Ridge Computation and Filtering for Visualization},
  booktitle = {IEEE PacificVis},
  year      = {2008},
  pages     = {119--126},
  publisher = {IEEE},
  doi       = {10.1109/PACIFICVIS.2008.4475467},
  owner     = {toster},
  timestamp = {2018.11.08},
}

@Book{Eberly2012,
  title     = {Ridges in Image and Data Analysis},
  publisher = {Springer Science \& Business Media},
  year      = {2012},
  author    = {Eberly, David},
  volume    = {7},
  owner     = {toster},
  timestamp = {2018.11.08},
}

@Comment{jabref-meta: databaseType:bibtex;}
